<record><leader>00000cas a2200000 a 4500</leader><controlfield tag="001">11074401</controlfield><controlfield tag="008">840821d18631865inudn ne      0    0eng c</controlfield><datafield ind1=" " ind2=" " tag="010"><subfield code="a">sn 84023919 </subfield></datafield><datafield ind1=" " ind2=" " tag="040"><subfield code="a">AQM</subfield><subfield code="b">eng</subfield><subfield code="c">AQM</subfield><subfield code="d">OCLCQ</subfield><subfield code="d">IUL</subfield><subfield code="d">OCLCF</subfield></datafield><datafield ind1=" " ind2=" " tag="042"><subfield code="a">pcc</subfield></datafield><datafield ind1=" " ind2=" " tag="043"><subfield code="a">n-us-in</subfield></datafield><datafield ind1="0" ind2=" " tag="130"><subfield code="a">Dawson's Fort Wayne daily times (Fort Wayne, Ind. : 1863)</subfield></datafield><datafield ind1="1" ind2="0" tag="245"><subfield code="a">Dawson's Fort Wayne daily times.</subfield></datafield><datafield ind1="3" ind2="0" tag="246"><subfield code="a">Fort Wayne daily times</subfield></datafield><datafield ind1=" " ind2=" " tag="260"><subfield code="a">Fort Wayne, Ind. :</subfield><subfield code="b">Isaac W. Campbell</subfield></datafield><datafield ind1=" " ind2=" " tag="300"><subfield code="a">volumes</subfield></datafield><datafield ind1=" " ind2=" " tag="310"><subfield code="a">Daily (except Sunday)</subfield></datafield><datafield ind1="1" ind2=" " tag="362"><subfield code="a">Began in 1863? Ceased in 1865.</subfield></datafield><datafield ind1=" " ind2=" " tag="580"><subfield code="a">Weekly ed.: Dawson's Fort Wayne weekly times.</subfield></datafield><datafield ind1=" " ind2=" " tag="588"><subfield code="a">Description based on: Vol. 6, no. 168 (August 19, 1863); title from masthead, U.S. Newspaper Archive (viewed April 18, 2017).</subfield></datafield><datafield ind1=" " ind2=" " tag="588"><subfield code="a">Latest issue consulted: Vol. 7, no. 202 (September 27, 1864); U.S. Newspaper Archive (viewed April 18, 2017).</subfield></datafield><datafield ind1=" " ind2="0" tag="651"><subfield code="a">Fort Wayne (Ind.)</subfield><subfield code="v">Newspapers.</subfield></datafield><datafield ind1=" " ind2="0" tag="651"><subfield code="a">Allen County (Ind.)</subfield><subfield code="v">Newspapers.</subfield></datafield><datafield ind1=" " ind2="7" tag="655"><subfield code="a">Newspapers.</subfield><subfield code="2">rbgenr</subfield></datafield><datafield ind1=" " ind2="7" tag="655"><subfield code="a">Newspapers.</subfield><subfield code="2">fast</subfield><subfield code="0">(OCoLC)fst01423814</subfield></datafield><datafield ind1=" " ind2="7" tag="651"><subfield code="a">Indiana</subfield><subfield code="z">Allen County.</subfield><subfield code="2">fast</subfield><subfield code="0">(OCoLC)fst01207514</subfield></datafield><datafield ind1=" " ind2="7" tag="651"><subfield code="a">Indiana</subfield><subfield code="z">Fort Wayne.</subfield><subfield code="2">fast</subfield><subfield code="0">(OCoLC)fst01204891</subfield></datafield><datafield ind1=" " ind2=" " tag="752"><subfield code="a">United States</subfield><subfield code="b">Indiana</subfield><subfield code="c">Allen</subfield><subfield code="d">Fort Wayne.</subfield></datafield><datafield ind1="1" ind2=" " tag="775"><subfield code="t">Dawson's Fort Wayne weekly times</subfield><subfield code="w">(DLC)sn 87055970</subfield><subfield code="w">(OCoLC)15674132</subfield></datafield><datafield ind1="0" ind2="0" tag="780"><subfield code="t">Dawson's daily times and union</subfield><subfield code="w">(DLC)sn 87056003</subfield><subfield code="w">(OCoLC)15672457</subfield></datafield><datafield ind1="0" ind2="7" tag="785"><subfield code="t">Daily Fort Wayne sentinel</subfield><subfield code="w">(DLC)sn 82016324</subfield><subfield code="w">(OCoLC)9289369</subfield></datafield><datafield ind1="0" ind2="7" tag="785"><subfield code="t">Fort Wayne daily times and sentinel</subfield><subfield code="w">(DLC)sn 84023921</subfield><subfield code="w">(OCoLC)11074549</subfield></datafield><datafield ind1="4" ind2="1" tag="856"><subfield code="u">https://access.newspaperarchive.com/us/indiana/fort-wayne/dawsons-fort-wayne-daily-times/</subfield></datafield></record>